@article{santos2013bioenergia,
  title={Bioenergia e Biorrefinaria: Cana-de-A{\c{c}}{\'u}car e Esp{\'e}cies Florestais},
  author={Santos, F and Queiroz, JH and Colodette, J and Souza, CJ},
  journal={UFV. Vi{\c{c}}osa. Brasil},
  year={2013}
}

@mastersthesis{furlan2009produccao,
  title={Produ{\c{c}}{\~a}o de bioetanol a partir de res{\'\i}duos celul{\'o}sicos da agroind{\'u}stria do arroz},
  author={Furlan, Valcenir J{\'u}nior Mendes},
  year={2009}
}

@article{lucchesi1998petroleo,
  title={Petr{\'o}leo},
  author={Lucchesi, Celso Fernando},
  journal={Estudos avan{\c{c}}ados},
  volume={12},
  number={33},
  pages={17--40},
  year={1998},
  publisher={SciELO Brasil}
}

@article{lima2001biotecnologia,
 title={Biotecnologia industrial: processos fermentativos e enzim{\'a}ticos},
 author={Lima, Urgel de Almeida and Aquarone, Eug{\^e}nio and Borzani, Walter and Schmidell, Willibaldo},
 journal={S{\~a}o Paulo: Edgard Bl{\"u}cher},
 volume={3},
 pages={1--43},
 year={2001}
}

@book{de2004introduccao,
 title={Introdu{\c{c}}{\~a}o {\`a} qu{\'\i}mica org{\^a}nica},
 author={de Almeida Barbosa, Luiz Cl{\'a}udio},
 year={2004},
 publisher={Prentice Hall}
}

@article{lopes2008etanol,
  title={Etanol e biodiesel como recursos energ{\'e}ticos alternativos: perspectivas da Am{\'e}rica Latina e da {\'A}sia},
  author={LopEs, HELoisA and Masiero, G},
  journal={Revista Brasileira de Pol{\'\i}tica Internacional, Bras{\'\i}lia},
  volume={51},
  number={2},
  year={2008},
  publisher={SciELO Brasil}
}

@article{ribeiro2015fermentaccao,
  title={FERMENTA{\c{C}}{\~A}O ALCO{\'O}LICA DO CALDO DA CANA: PAR{\^A}METROS OPERACIONAIS DE RESPOSTA NO PROCESSO},
  author={Ribeiro, Camilo Bastos and Buratto, William Gouv{\^e}a and Gueri, Matheus Vitor Diniz and Scaburi, Gustavo Rinaldo and Gonzeli, Fabricio Vieceli},
  journal={Revista Gest{\~a}o \& Sustentabilidade Ambiental},
  volume={4},
  pages={465--472},
  year={2015}
}

@article{leite2007biocombustivel,
  title={O biocombust{\'\i}vel no Brasil},
  author={Leite, Rog{\'e}rio Cezar de Cerqueira and Leal, Manoel R{\'e}gis LV},
  journal={Novos estudos-CEBRAP},
  number={78},
  pages={15--21},
  year={2007},
  publisher={SciELO Brasil}
}

@article{silveira2009analise,
  title={An{\'a}lise t{\'e}rmica de sistema de refrigera{\c{c}}{\~a}o direta em fermentadores cilindroc{\^o}nicos},
  author={Silveira, Ronan Gobbi da},
  year={2009},
  publisher={Universidade Estadual Paulista (UNESP)}
}

@book{mcketta1991heat,
  title={Heat transfer design methods},
  author={McKetta Jr, John J},
  year={1991},
  publisher={CRC Press}
}

@MISC{ds18b20,
  author  = {DALLAS},
  title   = {DS18B20},
  year    = {2016},
  url     = {http://pdf1.alldatasheet.com/datasheet-pdf/view/58557/DALLAS/DS18B20.html},
}

@MISC{MPX5700,
  author  = {NXP},
  title   = {MPX5700},
  year    = {2016},
  url     = {http://www.nxp.com/assets/documents/data/en/data-sheets/MPX5700.pdf},
}

@MISC{SEN0161,
  author  = {SKU},
  title   = {SEN0161},
  year    = {2016},
  url     = {https://www.dfrobot.com/wiki/index.php/PH_meter(SKU:_SEN0161)},
}

@MISC{HC-SR04,
  author  = {Micropik},
  title   = {HC-SR04},
  year    = {2016},
  url     = {http://www.micropik.com/PDF/HCSR04.pdf},
}

@MISC{28BYJ-48,
  author  = {Robocraft},
  title   = {28BYJ-48},
  year    = {2016},
  url     = {http://robocraft.ru/files/datasheet/28BYJ-48.pdf},
}

@MISC{ADS1115,
  author  = {Robocraft},
  title   = {ADS1115},
  year    = {2016},
  url     = {https://cdn-shop.adafruit.com/datasheets/ads1115.pdf},
}

@MISC{MCP4725,
  author  = {Adafruit},
  title   = {MCP4725},
  year    = {2016},
  url     = {https://cdn-shop.adafruit.com/datasheets/mcp4725.pdf},
}

@book{shigley2005projeto,
  title={Projeto de engenharia mec{\^a}nica},
  author={Shigley, Joseph Edward and Mischke, Charles R},
  year={2005},
  publisher={Bookman}
}

@book{kloeckner,
 title={Manual técnico de aço inoxidável},
 author={KLOECKNER METALS},
 year={2011},
 publisher={KLOECKNER METALS}
}

@book{norton2013projeto,
  title={Projeto de m{\'a}quinas},
  author={Norton, Robert L},
  year={2013},
  publisher={Bookman Editora}
}

@book{chiaverini1986tecnologia,
  title={Tecnologia mec{\^a}nica},
  author={Chiaverini, Vicente},
  year={1986},
  publisher={McGraw Hill}
}
